@incollection{book,
year={2008},
isbn={978-3-540-23957-4},
booktitle={Springer Handbook of Robotics},
editor={Siciliano, Bruno and Khatib, Oussama},
doi={10.1007/978-3-540-30301-5_39},
title={Behavior-Based Systems},
url={http://dx.doi.org/10.1007/978-3-540-30301-5_39},
publisher={Springer Berlin Heidelberg},
author={Matarić, MajaJ. and Michaud, François},
pages={891-909},
language={English}
}
