@incollection{ref
year={2008},
isbn={978-3-540-23957-4},
booktitle={Springer Handbook of Robotics},
editor={Siciliano, Bruno and Khatib, Oussama},
doi={10.1007/978-3-540-30301-5_42},
title={Networked Robots},
url={http://dx.doi.org/10.1007/978-3-540-30301-5_42},
publisher={Springer Berlin Heidelberg},
author={Kumar, Vijay and Rus, Daniela and Sukhatme, GauravS.},
pages={943-958},
language={English}
}
