@incollection{slam,
year={2008},
isbn={978-3-540-23957-4},
booktitle={Springer Handbook of Robotics},
editor={Siciliano, Bruno and Khatib, Oussama},
doi={10.1007/978-3-540-30301-5_38},
title={Simultaneous Localization and Mapping},
url={http://dx.doi.org/10.1007/978-3-540-30301-5_38},
publisher={Springer Berlin Heidelberg},
author={Thrun, Sebastian and Leonard, JohnJ.},
pages={871-889},
language={English}
}
