@INPROCEEDINGS{6842280, 
author={Kendall, A.G. and Salvapantula, N.N. and Stol, K.A.}, 
booktitle={Unmanned Aircraft Systems (ICUAS), 2014 International Conference on}, 
title={On-board object tracking control of a quadcopter with monocular vision}, 
year={2014}, 
month={May}, 
pages={404-411}, 
keywords={Kalman filters;autonomous aerial vehicles;closed loop systems;control engineering computing;feedback;helicopters;object detection;object tracking;stability;three-term control;Kalman filter;closed-loop control;low-frequency monocular computer vision algorithm;monocular vision;object offset feedback;object pixel area;object tracking controller;on-board object tracking control;parallel PID controllers;quadcopter UAV;stable closed-loop tracking;unmanned aerial vehicle;Cameras;Computer vision;Kalman filters;Machine vision;Noise;Object tracking;Program processors}, 
doi={10.1109/ICUAS.2014.6842280},}