@ARTICLE{Parker06experimentswith,
    author = {Lynne E. Parker and Andrew Howard},
    title = {Experiments with a large heterogeneous mobile robot team: Exploration, mapping, deployment and detection},
    journal = {International Journal of Robotics Research},
    year = {2006},
    volume = {25},
    pages = {431--447}
}

@ARTICLE{1677952, 
author={Bruce, J.R. and Veloso, M.M.}, 
journal={Proceedings of the IEEE}, 
title={Safe Multirobot Navigation Within Dynamics Constraints}, 
year={2006}, 
month={July}, 
volume={94}, 
number={7}, 
pages={1398-1411}, 
keywords={acceleration control;collision avoidance;cooperative systems;mobile robots;motion control;multi-robot systems;optimisation;robot dynamics;velocity control;acceleration control;autonomous robot soccer games;collision avoidance;cooperative safety algorithm;mobile robots;motion control;multirobot navigation;obstacle avoidance;randomized velocity-space search;real-time randomized path planner;robot action coordination;robot dynamics;sense-plan-act objective maximization;Accelerated aging;Collision avoidance;Motion control;Motion planning;Navigation;Nonhomogeneous media;Real time systems;Robot kinematics;Robot sensing systems;Safety;Mobile robots;motion-planning;multirobot;navigation;robot dynamics}, 
doi={10.1109/JPROC.2006.876915}, 
ISSN={0018-9219},}