@incollection{kortenkamp2008robotic,
  title={Robotic systems architectures and programming},
  author={Kortenkamp, David and Simmons, Reid},
  booktitle={Springer Handbook of Robotics},
  pages={187--206},
  year={2008},
  publisher={Springer}
}