@incollection{ref,
year={2008},
isbn={978-3-540-23957-4},
booktitle={Springer Handbook of Robotics},
editor={Siciliano, Bruno and Khatib, Oussama},
doi={10.1007/978-3-540-30301-5_57},
title={Humanoids},
url={http://dx.doi.org/10.1007/978-3-540-30301-5_57},
publisher={Springer Berlin Heidelberg},
author={Kemp, CharlesC. and Fitzpatrick, Paul and Hirukawa, Hirohisa and Yokoi, Kazuhito and Harada, Kensuke and Matsumoto, Yoshio},
pages={1307-1333},
language={English}
}
