@ARTICLE{143349, 
author={Mataric, M.J.}, 
journal={Robotics and Automation, IEEE Transactions on}, 
title={Integration of representation into goal-driven behavior-based robots}, 
year={1992}, 
month={Jun}, 
volume={8}, 
number={3}, 
pages={304-312}, 
keywords={mobile robots;navigation;planning (artificial intelligence);collision-free navigation;dynamic landmark detection;goal-driven behavior-based robots;map construction;map representation;path planning;reactive subsumption based mobile robot;Artificial intelligence;Buildings;Control systems;Legged locomotion;Mobile robots;Orbital robotics;Path planning;Robot sensing systems;Sonar navigation;Testing}, 
doi={10.1109/70.143349}, 
ISSN={1042-296X},}