@incollection{citation,
year={2008},
isbn={978-3-540-23957-4},
booktitle={Springer Handbook of Robotics},
editor={Siciliano, Bruno and Khatib, Oussama},
doi={10.1007/978-3-540-30301-5_60},
title={Robot Programming by Demonstration},
url={http://dx.doi.org/10.1007/978-3-540-30301-5_60},
publisher={Springer Berlin Heidelberg},
author={Billard, Aude and Calinon, Sylvain and Dillmann, RÃ¼diger and Schaal, Stefan},
pages={1371-1394},
language={English}
}
