




@article{doi:10.1080/10798587.2004.10642862,
author = { Caro   Lucas  and  Danial   Shahmirzadi  and  Nima   Sheikholeslami },
title = {Introducing Belbic: Brain Emotional Learning Based Intelligent Controller},
journal = {Intelligent Automation \& Soft Computing},
volume = {10},
number = {1},
pages = {11-21},
year = {2004},
doi = {10.1080/10798587.2004.10642862},

URL = { 
        http://dx.doi.org/10.1080/10798587.2004.10642862
    
},
eprint = { 
        http://dx.doi.org/10.1080/10798587.2004.10642862
    
}

}


