@incollection{ref,
year={2008},
isbn={978-3-540-23957-4},
booktitle={Springer Handbook of Robotics},
editor={Siciliano, Bruno and Khatib, Oussama},
doi={10.1007/978-3-540-30301-5_59},
title={Social Robots that Interact with People},
url={http://dx.doi.org/10.1007/978-3-540-30301-5_59},
publisher={Springer Berlin Heidelberg},
author={Breazeal, Cynthia and Takanishi, Atsuo and Kobayashi, Tetsunori},
pages={1349-1369},
language={English}
}
