@ARTICLE{1087096, 
author={Elfes, A.}, 
journal={Robotics and Automation, IEEE Journal of}, 
title={Sonar-based real-world mapping and navigation}, 
year={1987}, 
month={June}, 
volume={3}, 
number={3}, 
pages={249-265}, 
keywords={Robots, locomotion;Sonar navigation;Terrain mapping;Application software;Data mining;Mobile robots;Path planning;Robot sensing systems;Robotics and automation;Robustness;Service robots;Sonar measurements;Sonar navigation}, 
doi={10.1109/JRA.1987.1087096}, 
ISSN={0882-4967},}

@ARTICLE{4468719, 
author={Wolf, D.F. and Sukhatme, G.}, 
journal={Robotics, IEEE Transactions on}, 
title={Semantic Mapping Using Mobile Robots}, 
year={2008}, 
month={April}, 
volume={24}, 
number={2}, 
pages={245-258}, 
keywords={control engineering computing;learning (artificial intelligence);mobile robots;support vector machines;hidden Markov models;machine learning techniques;mobile robots;semantic mapping;standard mapping algorithm;supervised learning methods;support vector machines;Activity monitoring;robot mapping;semantic mapping;supervised learning;terrain mapping}, 
doi={10.1109/TRO.2008.917001}, 
ISSN={1552-3098},}