@incollection{chapter
year={2008},
isbn={978-3-540-23957-4},
booktitle={Springer Handbook of Robotics},
editor={Siciliano, Bruno and Khatib, Oussama},
doi={10.1007/978-3-540-30301-5_64},
title={Perceptual Robotics},
url={http://dx.doi.org/10.1007/978-3-540-30301-5_64},
publisher={Springer Berlin Heidelberg},
author={BÃ¼lthoff, HeinrichH. and Wallraven, Christian and Giese, MartinA.},
pages={1481-1498},
language={English}
}