@ARTICLE{4267877, 
author={Pettersson, O. and Karlsson, L. and Saffiotti, A.}, 
journal={Systems, Man, and Cybernetics, Part B: Cybernetics, IEEE Transactions on}, 
title={Model-Free Execution Monitoring in Behavior-Based Robotics}, 
year={2007}, 
month={Aug}, 
volume={37}, 
number={4}, 
pages={890-901}, 
keywords={computerised monitoring;fault diagnosis;mobile robots;pattern recognition;predictive control;robot programming;service robots;autonomous mobile robots;behavior-based robotics;faulty execution;model-free execution monitoring;pattern recognition techniques;predictive model;service tasks;Agriculture;Cleaning;Condition monitoring;Environmental management;Humans;Mobile robots;Pattern recognition;Predictive models;Robustness;Transportation;Fault diagnosis;mobile robots;neural networks;pattern recognition;Algorithms;Artificial Intelligence;Computer Simulation;Decision Support Techniques;Equipment Failure Analysis;Models, Theoretical;Motion;Pattern Recognition, Automated;Robotics}, 
doi={10.1109/TSMCB.2007.895359}, 
ISSN={1083-4419},}